@article{rawson_astro,
    title = {Optimal Transport for Super Resolution Applied to Astronomy Imaging},
    author = {Michael Rawson and Jakob Hultgren},
    year = {2022},
    journal = {Proceedings of EUSIPCO, 2022; arxiv 2202.05354},
    url = {https://arxiv.org/abs/2202.05354}
}

@article{rawson_deep_2021,
	title = {Deep Upper Confidence Bound Algorithm for Contextual Bandit Ranking of Information Selection},
    journal = {Proceedings of Joint Statistical Meetings (JSM), Statistical Learning and Data Science Section, 2021},
	author = {Rawson, Michael and Freeman, Jade},
	url = {https://arxiv.org/abs/2110.04127},
	year = {2021},
}

@inproceedings{freeman,
  title={Top-{K} Ranking Deep Contextual Bandits for Information Selection Systems},
  author={Freeman, Jade and Rawson, Michael},
  booktitle={2021 IEEE International Conference on Systems, Man, and Cybernetics (SMC)},
  pages={2209--2214},
  year={2021},
  organization={IEEE}
}

@article{perez_starcnet_2021,
	title = {{StarcNet}: Machine Learning for Star Cluster Identification},
	volume = {907},
	issn = {1538-4357},
	doi = {10.3847/1538-4357/abceba},
	shorttitle = {{StarcNet}},
	pages = {100},
	number = {2},
	journal = {The Astrophysical Journal},
	author = {Pérez, Gustavo and Messa, Matteo and Calzetti, Daniela and Maji, Subhransu and Jung, Dooseok E. and Adamo, Angela and Sirressi, Mattia},
	urldate = {2021-11-01},
	year = {2021},
}

@article{wei_deep_2020,
	title = {Deep transfer learning for star cluster classification: I. application to the {PHANGS}–{HST} survey},
	volume = {493},
	doi = {10.1093/mnras/staa325},
	pages = {3178--3193},
	number = {3},
	journal = {Monthly Notices of the Royal Astronomical Society},
	author = {Wei, Wei and Huerta, EA and Whitmore, Bradley C and Lee, Janice C and Hannon, Stephen and Chandar, Rupali and Dale, Daniel A and Larson, Kirsten L and Thilker, David A and Ubeda, Leonardo and {others}},
	year = {2020},
}
