
@article{perez,
	title = {{StarcNet}: Machine Learning for Star Cluster Identification},
	volume = {907},
	issn = {1538-4357},
	url = {https://iopscience.iop.org/article/10.3847/1538-4357/abceba},
	doi = {10.3847/1538-4357/abceba},
	shorttitle = {{StarcNet}},
	pages = {100},
	number = {2},
	journal = {The Astrophysical Journal},
	shortjournal = {{ApJ}},
	author = {Pérez, Gustavo and Messa, Matteo and Calzetti, Daniela and Maji, Subhransu and Jung, Dooseok E. and Adamo, Angela and Sirressi, Mattia},
	urldate = {2021-11-01},
	year = {2021},
	file = {Submitted Version:C\:\\Users\\Micha\\Zotero\\storage\\B42P8AMD\\Pérez et al. - 2021 - StarcNet Machine Learning for Star Cluster Identi.pdf:application/pdf}
}

@article{gao_minimax_2020,
	title = {Minimax Optimal Nonparametric Estimation of Heterogeneous Treatment Effects},
	url = {http://arxiv.org/abs/2002.06471},
	abstract = {A central goal of causal inference is to detect and estimate the treatment effects of a given treatment or intervention on an outcome variable of interest, where a member known as the heterogeneous treatment effect ({HTE}) is of growing popularity in recent practical applications such as the personalized medicine. In this paper, we model the {HTE} as a smooth nonparametric difference between two less smooth baseline functions, and determine the tight statistical limits of the nonparametric {HTE} estimation as a function of the covariate geometry. In particular, a two-stage nearest-neighbor-based estimator throwing away observations with poor matching quality is near minimax optimal. We also establish the tight dependence on the density ratio without the usual assumption that the covariate densities are bounded away from zero, where a key step is to employ a novel maximal inequality which could be of independent interest.},
	journaltitle = {{arXiv}:2002.06471 [math, stat]},
	author = {Gao, Zijun and Han, Yanjun},
	urldate = {2021-11-02},
	date = {2020-10-24},
	eprinttype = {arxiv},
	eprint = {2002.06471},
	keywords = {Statistics - Methodology, Mathematics - Statistics Theory},
	file = {arXiv Fulltext PDF:C\:\\Users\\Micha\\Zotero\\storage\\2GPRNJZJ\\Gao and Han - 2020 - Minimax Optimal Nonparametric Estimation of Hetero.pdf:application/pdf;arXiv.org Snapshot:C\:\\Users\\Micha\\Zotero\\storage\\6XF7Z7KA\\2002.html:text/html}
}
@article{chen_doubly_2020,
	title = {Doubly Robust Off-Policy Learning on Low-Dimensional Manifolds by Deep Neural Networks},
	url = {http://arxiv.org/abs/2011.01797},
	abstract = {Causal inference explores the causation between actions and the consequent rewards on a covariate set. Recently deep learning has achieved a remarkable performance in causal inference, but existing statistical theories cannot well explain such an empirical success, especially when the covariates are high-dimensional. Most theoretical results in causal inference are asymptotic, suffer from the curse of dimensionality, and only work for the finite-action scenario. To bridge such a gap between theory and practice, this paper studies doubly robust off-policy learning by deep neural networks. When the covariates lie on a low-dimensional manifold, we prove nonasymptotic regret bounds, which converge at a fast rate depending on the intrinsic dimension of the manifold. Our results cover both the finite- and continuous-action scenarios. Our theory shows that deep neural networks are adaptive to the low-dimensional geometric structures of the covariates, and partially explains the success of deep learning for causal inference.},
	journaltitle = {{arXiv}:2011.01797 [cs, stat]},
	author = {Chen, Minshuo and Liu, Hao and Liao, Wenjing and Zhao, Tuo},
	urldate = {2021-02-03},
	date = {2020-11-03},
	eprinttype = {arxiv},
	eprint = {2011.01797},
	keywords = {Computer Science - Machine Learning, Statistics - Machine Learning},
	file = {arXiv Fulltext PDF:C\:\\Users\\Micha\\Zotero\\storage\\53T38GSE\\Chen et al. - 2020 - Doubly Robust Off-Policy Learning on Low-Dimension.pdf:application/pdf;arXiv.org Snapshot:C\:\\Users\\Micha\\Zotero\\storage\\KU42NZVX\\2011.html:text/html}
}
@book{gyorfi,
	location = {New York, {NY}},
	title = {A Distribution-Free Theory of Nonparametric Regression},
	url = {http://link.springer.com/10.1007/b97848},
	series = {Springer Series in Statistics},
	publisher = {Springer New York},
	author = {Györfi, László and Kohler, Michael and Krzyżak, Adam and Walk, Harro},
	urldate = {2021-05-30},
	date = {2002},
	doi = {10.1007/b97848},
	file = {Györfi et al. - 2002 - A Distribution-Free Theory of Nonparametric Regres.pdf:C\:\\Users\\Micha\\Zotero\\storage\\QV2CLPWR\\Györfi et al. - 2002 - A Distribution-Free Theory of Nonparametric Regres.pdf:application/pdf}
}
@inproceedings{Qin2014ContextualCB,
  title={Contextual Combinatorial Bandit and its Application on Diversified Online Recommendation},
  author={Lijing Qin and S. Chen and Xiaoyan Zhu},
  booktitle={SDM},
  year={2014}
}
@article{Zhou2013MultiArmedBW,
  title={Multi-Armed Bandits With Combinatorial Strategies Under Stochastic Bandits},
  author={Y. Zhou and X. Li},
  journal={ArXiv},
  year={2013},
  volume={abs/1307.5438}
}
@inproceedings{Chen2013CombinatorialMB,
  title={Combinatorial multi-armed bandit: general framework, results and applications},
  author={W. Chen and Y. Wang and Y. Yuan},
  booktitle={ICML 2013},
  year={2013}
}
@article{Lai1985AsymptoticallyEA,
  title={Asymptotically efficient adaptive allocation rules},
  author={T. Lai and H. Robbins},
  journal={Advances in Applied Mathematics},
  year={1985},
  volume={6},
  pages={4-22}
}
@article{Rao2020ContextualBF,
  title={Contextual Bandits for adapting to changing User preferences over time},
  author={Dattaraj Rao},
  journal={ArXiv},
  year={2020},
  volume={abs/2009.10073}
}
@article{Santana2020ContextualMF,
  title={Contextual Meta-Bandit for Recommender Systems Selection},
  author={Marlesson R. O. Santana and L. C. Melo and Fernando H. F. Camargo and B. Brand{\~a}o and A. Soares and R. M. Oliveira and Sandor Caetano},
  journal={Fourteenth ACM Conference on Recommender Systems},
  year={2020}
}
@article{Bietti2018ACB,
  title={A Contextual Bandit Bake-off},
  author={A. Bietti and A. Agarwal and J. Langford},
  journal={arXiv: Machine Learning},
  year={2018}
}
@article{Neyshabouri2019AsymptoticallyOC,
  title={Asymptotically Optimal Contextual Bandit Algorithm Using Hierarchical Structures},
  author={Mohammadreza Mohaghegh Neyshabouri and Kaan Gokcesu and Hakan Gokcesu and Huseyin Ozkan and S. Kozat},
  journal={IEEE Transactions on Neural Networks and Learning Systems},
  year={2019},
  volume={30},
  pages={923-937}
}
@article{Kim2019ContextualMB,
  title={Contextual Multi-armed Bandit Algorithm for Semiparametric Reward Model},
  author={Gi-Soo Kim and M. Paik},
  journal={ArXiv},
  year={2019},
  volume={abs/1901.11221}
}
@article{Intayoad2020ReinforcementLB,
  title={Reinforcement Learning Based on Contextual Bandits for Personalized Online Learning Recommendation Systems},
  author={Wacharawan Intayoad and Chayapol Kamyod and P. Temdee},
  journal={Wireless Personal Communications},
  year={2020},
  pages={1-16}
}
@inproceedings{Tang2014EnsembleCB,
  title={Ensemble contextual bandits for personalized recommendation},
  author={L. Tang and Yexi Jiang and L. Li and Tao Li},
  booktitle={RecSys '14},
  year={2014}
}
@article{Yang2002RANDOMIZEDAW,
  title={RANDOMIZED ALLOCATION WITH NONPARAMETRIC ESTIMATION FOR A MULTI-ARMED BANDIT PROBLEM WITH COVARIATES},
  author={Y. Yang and D. Zhu},
  journal={Annals of Statistics},
  year={2002},
  volume={30},
  pages={100-121}
}
@article{Yang2020HierarchicalAC,
  title={Hierarchical Adaptive Contextual Bandits for Resource Constraint based Recommendation},
  author={M. Yang and Qingyang Li and Zhiwei Qin and Jie-ping Ye},
  journal={Proceedings of The Web Conference 2020},
  year={2020}
}
@article{Wu2019DynamicEO,
  title={Dynamic Ensemble of Contextual Bandits to Satisfy Users' Changing Interests},
  author={Qingyun Wu and Huazheng Wang and Yanen Li and Hongning Wang},
  journal={The World Wide Web Conference},
  year={2019}
}
@article{Bendada2020CarouselPI,
  title={Carousel Personalization in Music Streaming Apps with Contextual Bandits},
  author={Walid Bendada and Guillaume Salha and Th'eo Bontempelli},
  journal={Fourteenth ACM Conference on Recommender Systems},
  year={2020}
}
@inproceedings{Yue2012HierarchicalEF,
  title={Hierarchical Exploration for Accelerating Contextual Bandits},
  author={Yisong Yue and S. Hong and Carlos Guestrin},
  booktitle={ICML},
  year={2012}
}
@inproceedings{Langford2007TheEA,
  title={The Epoch-Greedy Algorithm for Multi-armed Bandits with Side Information},
  author={J. Langford and Tong Zhang},
  booktitle={NIPS},
  year={2007}
}
@misc{abbasiyadkori2011online,
      title={Online Least Squares Estimation with Self-Normalized Processes: An Application to Bandit Problems}, 
      author={Yasin Abbasi-Yadkori and David Pal and Csaba Szepesvari},
      year={2011},
      eprint={1102.2670},
      archivePrefix={arXiv},
      primaryClass={cs.AI}
}
@article{Riquelme2018DeepBB,
  title={Deep Bayesian Bandits Showdown: An Empirical Comparison of Bayesian Deep Networks for Thompson Sampling},
  author={C. Riquelme and G. Tucker and Jasper Snoek},
  journal={ArXiv},
  year={2018},
  volume={abs/1802.09127}
}
@article{Guo2020DeepBB,
  title={Deep Bayesian Bandits: Exploring in Online Personalized Recommendations},
  author={Dalin Guo and S. Ktena and Ferenc Husz{\'a}r and Pranay K. Myana and Wenzhe Shi and Alykhan Tejani},
  journal={Fourteenth ACM Conference on Recommender Systems},
  year={2020}
}
@article{Hu2018ReinforcementLT,
  title={Reinforcement Learning to Rank in E-Commerce Search Engine: Formalization, Analysis, and Application},
  author={Yujing Hu and Qing Da and Anxiang Zeng and Yang Yu and Yinghui Xu},
  journal={Proceedings of the 24th ACM SIGKDD International Conference on Knowledge Discovery & Data Mining},
  year={2018}
}
@article{Wei2017ReinforcementLT,
  title={Reinforcement Learning to Rank with Markov Decision Process},
  author={Zeng Wei and Junhua Xu and Yanyan Lan and J. Guo and Xueqi Cheng},
  journal={Proceedings of the 40th International ACM SIGIR Conference on Research and Development in Information Retrieval},
  year={2017}
}
@article{Collier2018DeepCM,
  title={Deep Contextual Multi-armed Bandits},
  author={Mark Collier and Hector Urdiales Llorens},
  journal={ArXiv},
  year={2018},
  volume={abs/1807.09809}
}
@inproceedings{Agrawal2012AnalysisOT,
  title={Analysis of Thompson Sampling for the Multi-armed Bandit Problem},
  author={S. Agrawal and Navin Goyal},
  booktitle={COLT},
  year={2012}
}
@inproceedings{Radlinski2008LearningDR,
  title={Learning diverse rankings with multi-armed bandits},
  author={Filip Radlinski and Robert D. Kleinberg and T. Joachims},
  booktitle={ICML '08},
  year={2008}
}
@article{Jiang2017PracticalAF,
  title={Practical Algorithms for Best-K Identification in Multi-Armed Bandits},
  author={Haotian Jiang and J. Li and Mingda Qiao},
  journal={ArXiv},
  year={2017},
  volume={abs/1705.06894}
}
@article{Feng2018LearningTC,
  title={Learning to Collaborate: Multi-Scenario Ranking via Multi-Agent Reinforcement Learning},
  author={J. Feng and H. Li and Minlie Huang and Shichen Liu and Wenwu Ou and Zhirong Wang and Xiaoyan Zhu},
  journal={Proceedings of the 2018 World Wide Web Conference},
  year={2018}
}
@inproceedings{Rejwan2020TopkCB,
  title={Top-\$k\$ Combinatorial Bandits with Full-Bandit Feedback},
  author={I. Rejwan and Y. Mansour},
  booktitle={ALT},
  year={2020}
}
@article{Zhang2019ContextAwareRB,
  title={Context-Aware Ranking by Constructing a Virtual Environment for Reinforcement Learning},
  author={Jun-qi Zhang and J. Mao and Yiqun Liu and Ruizhe Zhang and Min Zhang and Shaoping Ma and J. Xu and Qi Tian},
  journal={Proceedings of the 28th ACM International Conference on Information and Knowledge Management},
  year={2019}
}
@article{Karatzoglou2013LearningTR,
  title={Learning to rank for recommender systems},
  author={Alexandros Karatzoglou and L. Baltrunas and Yue Shi},
  journal={Proceedings of the 7th ACM conference on Recommender systems},
  year={2013}
}
@article{Zahavy2019DeepNL,
  title={Deep Neural Linear Bandits: Overcoming Catastrophic Forgetting through Likelihood Matching},
  author={Tom Zahavy and Shie Mannor},
  journal={ArXiv},
  year={2019},
  volume={abs/1901.08612}
}

@article{Gal2016DropoutAA,
  title={Dropout as a Bayesian Approximation: Representing Model Uncertainty in Deep Learning},
  author={Yarin Gal and Zoubin Ghahramani},
  journal={ArXiv},
  year={2016},
  volume={abs/1506.02142}
}
@article{Blundell2015WeightUI,
  title={Weight Uncertainty in Neural Networks},
  author={Charles Blundell and Julien Cornebise and K. Kavukcuoglu and Daan Wierstra},
  journal={ArXiv},
  year={2015},
  volume={abs/1505.05424}
}
@inproceedings{Joachims2018DeepLW,
  title={Deep Learning with Logged Bandit Feedback},
  author={T. Joachims and A. Swaminathan and M. Rijke},
  booktitle={ICLR},
  year={2018}
  }
@article{auer_finite-time_2002,
	title = {Finite-time Analysis of the Multiarmed Bandit Problem},
	volume = {47},
	issn = {08856125},
	url = {http://link.springer.com/10.1023/A:1013689704352},
	doi = {10.1023/A:1013689704352},
	pages = {235--256},
	number = {2},
	journaltitle = {Machine Learning},
	author = {Auer, Peter and Cesa-Bianchi, Nicolò and Fischer, Paul},
	urldate = {2021-03-25},
	date = {2002},
	file = {Full Text:C\:\\Users\\Micha\\Zotero\\storage\\V7KSV3CZ\\Auer et al. - 2002 - [No title found].pdf:application/pdf}
}
@article{Auer2002UsingCB,
  title={Using Confidence Bounds for Exploitation-Exploration Trade-offs},
  author={P. Auer},
  journal={J. Mach. Learn. Res.},
  year={2002},
  volume={3},
  pages={397-422}
}
@article{Thompson1933ONTL,
  title={ON THE LIKELIHOOD THAT ONE UNKNOWN PROBABILITY EXCEEDS ANOTHER IN VIEW OF THE EVIDENCE OF TWO SAMPLES},
  author={W. R. Thompson},
  journal={Biometrika},
  year={1933},
  volume={25},
  pages={285-294}
}
@article{Mnih2015HumanlevelCT,
  title={Human-level control through deep reinforcement learning},
  author={V. Mnih and K. Kavukcuoglu and D. Silver and Andrei A. Rusu and J. Veness and Marc G. Bellemare and A. Graves and Martin A. Riedmiller and Andreas K. Fidjeland and Georg Ostrovski and Stig Petersen and C. Beattie and A. Sadik and Ioannis Antonoglou and Helen King and D. Kumaran and Daan Wierstra and S. Legg and Demis Hassabis},
  journal={Nature},
  year={2015},
  volume={518},
  pages={529-533}
}
@article{Silver2016MasteringTG,
  title={Mastering the game of Go with deep neural networks and tree search},
  author={D. Silver and Aja Huang and Chris J. Maddison and A. Guez and L. Sifre and George van den Driessche and Julian Schrittwieser and Ioannis Antonoglou and Vedavyas Panneershelvam and Marc Lanctot and S. Dieleman and Dominik Grewe and John Nham and Nal Kalchbrenner and Ilya Sutskever and T. Lillicrap and M. Leach and K. Kavukcuoglu and T. Graepel and Demis Hassabis},
  journal={Nature},
  year={2016},
  volume={529},
  pages={484-489}
}
@article{deng2012mnist,
  title={The mnist database of handwritten digit images for machine learning research},
  author={Deng, Li},
  journal={IEEE Signal Processing Magazine},
  volume={29},
  number={6},
  pages={141--142},
  year={2012},
  publisher={IEEE}
}
@article{Kingma2015AdamAM,
  title={Adam: A Method for Stochastic Optimization},
  author={Diederik P. Kingma and Jimmy Ba},
  journal={CoRR},
  year={2015},
  volume={abs/1412.6980}
}
@inproceedings{Snoek2015ScalableBO,
  title={Scalable Bayesian Optimization Using Deep Neural Networks},
  author={Jasper Snoek and Oren Rippel and Kevin Swersky and Ryan Kiros and N. Satish and N. Sundaram and Md. Mostofa Ali Patwary and Prabhat and R. Adams},
  booktitle={ICML},
  year={2015}
}
@misc{Dua:2019 ,
author = "Dua, Dheeru and Graff, Casey",
year = "2017",
title = "{UCI} Machine Learning Repository",
url = "http://archive.ics.uci.edu/ml",
institution = "University of California, Irvine, School of Information and Computer Sciences"
}
@article{Bather1990MultiArmedBA,
  title={Multi-Armed Bandit Allocation Indices},
  author={J. Bather and J. Gittins},
  journal={Journal of The Royal Statistical Society Series A-statistics in Society},
  year={1990},
  volume={153},
  pages={257-257}
}
@article{Gittins1979BanditPA,
  title={Bandit processes and dynamic allocation indices},
  author={J. Gittins},
  journal={Journal of the royal statistical society series b-methodological},
  year={1979},
  volume={41},
  pages={148-164}
}
@article{li_contextual-bandit_2010,
	title = {A Contextual-Bandit Approach to Personalized News Article Recommendation},
	url = {http://arxiv.org/abs/1003.0146},
	doi = {10.1145/1772690.1772758},
	pages = {661},
	journaltitle = {Proceedings of the 19th international conference on World wide web - {WWW} '10},
	author = {Li, Lihong and Chu, Wei and Langford, John and Schapire, Robert E.},
	urldate = {2021-10-07},
	date = {2010},
	eprinttype = {arxiv},
	eprint = {1003.0146},
	keywords = {Computer Science - Artificial Intelligence, Computer Science - Information Retrieval, Computer Science - Machine Learning, H.3.5, I.2.6}
}
@online{mushrooms,
    url={https://archive.ics.uci.edu/ml/datasets/Mushroom},
    author = {Jeff Schlimmer},
    title={UCI machine learning repository: Mushroom Database},
    year={1987}
}
@online{mnist,
    author={Yann LeCun},
    url={http://yann.lecun.com/exdb/mnist/},
    title={THE MNIST DATABASE of handwritten digits},
    year={2021}
}
@inproceedings{freeman,
  title={Top-{K} Ranking Deep Contextual Bandits for Information Selection Systems},
  author={Freeman, Jade and Rawson, Michael},
  booktitle={2021 IEEE International Conference on Systems, Man, and Cybernetics (SMC)},
  pages={2209--2214},
  year={2021},
  organization={IEEE}
}
@article{rawson_deep_2021,
	title = {Deep Upper Confidence Bound Algorithm for Contextual Bandit Ranking of Information Selection},
    journal = {Proceedings of Joint Statistical Meetings (JSM), Statistical Learning and Data Science Section, 2021},
	author = {Rawson, Michael and Freeman, Jade},
	url = {https://arxiv.org/abs/2110.04127},
	year = {2021},
}
@article{rawson_astro,
    title = {Optimal Transport for Super Resolution Applied to Astronomy Imaging},
    author = {Michael Rawson and Jakob Hultgren},
    year = {2022},
    journal = {Proceedings of EUSIPCO, 2022},
    url = {https://arxiv.org/abs/2202.05354}
}
